% Encoding: UTF-8

@Article{Langlands1967,
  author  = {Langlands},
  journal = {Institute of Advanced Study},
  title   = {Letter to André Weil rpl},
  year    = {1967},
  file    = {:D\:/deng/Mathematics/algebra and number thoery/langlands programme/letter-to-Weil-rpl.pdf:PDF},
}

@Article{Scholze2020,
  author  = {Peter Scholze},
  journal = {Annals of Mathematics Studies},
  title   = {Berkeley Lectures on p-adicGeometry},
  year    = {2020},
  file    = {:D\:/deng/Mathematics/algebra and number thoery/Peter Scholze/Berkeley.pdf:PDF},
}

@Article{Bernshtein_1976,
  author    = {I N Bernshtein and A V Zelevinskii},
  journal   = {Russian Mathematical Surveys},
  title     = {{Representations} {of} {the} {Group} {GL} {(n, F)} {Where F is} a {Non}-{Archimedean} {Local} {Field}},
  year      = {1976},
  month     = {jun},
  number    = {3},
  pages     = {1--68},
  volume    = {31},
  abstract  = {This article is a survey of recent results in the theory of representations of reductive -adic groups. For simplicity of presentation only the groups GL(n) are treated. Chapter I provides general information on representations of locally compact zero-dimensional groups. Chapter II presents Harish-Chandra's method of studying the representations of GL(n), which is based on reduction to cuspidal representations. Some finiteness theorems are proved by this method. In Chapter III we study another approach to the representations of GL(n), due to Gel'fand and Kazhdan; it is based on restricting the representations from GL(n) to a subgroup Pn. All theorems are presented with detailed proofs. No prior information is assumed on the part of the reader except the most elementary familiarity with the structure of non-Archimedean local fields.},
  doi       = {10.1070/rm1976v031n03abeh001532},
  file      = {:D\:/deng/Mathematics/algebra and number thoery/Rep of group/Papers/I_N__Bernshtein_1976_Russ._Math._Surv._31_R01.pdf:PDF},
  publisher = {{IOP} Publishing},
  url       = {https://doi.org/10.1070/rm1976v031n03abeh001532},
}

@Article{ASENS_1977_4_10_4_441_0,
  author    = {Bernstein, I. N. and Zelevinsky, Andrei},
  journal   = {Annales scientifiques de l'\'Ecole Normale Sup\'erieure},
  title     = {Induced representations of reductive ${\mathfrak {p}}$-adic groups. I},
  year      = {1977},
  number    = {4},
  pages     = {441--472},
  volume    = {Ser. 4, 10},
  doi       = {10.24033/asens.1333},
  file      = {:D\:/deng/Mathematics/algebra and number thoery/Rep of group/Papers/ASENS_1977_4_10_4_441_0.pdf:PDF},
  language  = {en},
  mrnumber  = {58 \#28310},
  publisher = {Elsevier},
  url       = {www.numdam.org/item/ASENS_1977_4_10_4_441_0/},
  zbl       = {0412.22015},
}

@Misc{Vigneras2017,
  author        = {Marie-France Vignéras},
  title         = {Existence of supersingular representations of p-adic reductive groups},
  year          = {2017},
  archiveprefix = {arXiv},
  eprint        = {1712.10142},
  file          = {:D\:/deng/Mathematics/algebra and number thoery/Rep of group/MARIE-FRANCE VIGNÉRAS/supersingular.pdf:PDF},
  primaryclass  = {math.NT},
}

@Article{wiles1995modular,
  author    = {Wiles, Andrew},
  journal   = {Annals of mathematics},
  title     = {Modular elliptic curves and Fermat's last theorem},
  year      = {1995},
  number    = {3},
  pages     = {443--551},
  volume    = {141},
  publisher = {JSTOR},
}

@Book{frenkel2007langlands,
  author    = {Frenkel, Edward},
  publisher = {Cambridge University Press},
  title     = {Langlands correspondence for loop groups},
  year      = {2007},
  volume    = {103},
}

@Book{jacquet2006automorphic,
  author    = {Jacquet, Herv{\'e} and Langlands, Robert P},
  publisher = {Springer},
  title     = {Automorphic Forms on GL (2): Part 1},
  year      = {2006},
  volume    = {114},
}

@Comment{jabref-meta: databaseType:bibtex;}


@article{dor2020exotic,
  title={Exotic Monoidal Structures and Abstractly Automorphic Representations for ${GL}_{2}$},
  author={Dor, Gal},
  journal={arXiv preprint arXiv:2011.03313},
  year={2020}
}

@article{bernstein1976representations,
  title={Representations of the group ${GL}(n,{F})$ where ${F}$ is a non-Archimedean local field},
  author={Bernstein, Joseph and Zelevinskii, Andrei Vladlenovich},
  journal={Uspekhi Matematicheskikh Nauk},
  volume={31},
  number={3},
  pages={5--70},
  year={1976},
  publisher={Russian Academy of Sciences, Steklov Mathematical Institute of Russian~…}
}


@article{godement1974notes,
  title={Notes on jacquet--langlands theory},
  author={Godement, Roger},
  journal={Matematika},
  volume={18},
  number={2},
  pages={28--78},
  year={1974}
}

@book{goldfeld2006automorphic,
  title={Automorphic forms and L-functions for the group GL (n, R)},
  author={Goldfeld, Dorian},
  volume={99},
  year={2006},
  publisher={Cambridge University Press}
}

@book{bushnell2006local,
  title={The local Langlands conjecture for GL (2)},
  author={Bushnell, Colin J and Henniart, Guy},
  volume={335},
  year={2006},
  publisher={Springer Science \& Business Media}
}

@inproceedings{tate1979number,
  title={Number theoretic background},
  author={Tate, John},
  booktitle={Automorphic forms, representations and L-functions (Proc. Sympos. Pure Math., Oregon State Univ., Corvallis, Ore., 1977), Part},
  volume={2},
  pages={3--26},
  year={1979}
}

@article{riemann1859ueber,
  title={Ueber die Anzahl der Primzahlen unter einer gegebenen Grosse},
  author={Riemann, Bernhard},
  journal={Ges. Math. Werke und Wissenschaftlicher Nachla{\ss}},
  volume={2},
  number={145-155},
  pages={2},
  year={1859}
}

@phdthesis{tate1997fourier,
  title={Fourier analysis in number fields and Hecke's zeta-functions},
  author={Tate Jr, John Torrence},
  year={1997},
  school={Princeton University}
}

@article{hecke1936bestimmung,
  title={{\"U}ber die bestimmung dirichletscher reihen durch ihre funktionalgleichung},
  author={Hecke, Erich},
  journal={Mathematische Annalen},
  volume={112},
  number={1},
  pages={664--699},
  year={1936},
  publisher={Springer}
}

@article{maass1949neue,
  title={{\"U}ber eine neue Art von nichtanalytischen automorphen Funktionen und die Bestimmung Dirichlet scher Reihen durch Funktionalgleichungen},
  author={Maass, Hans},
  journal={Mathematische Annalen},
  volume={121},
  number={1},
  pages={141--183},
  year={1949},
  publisher={Springer}
}

@book{gelfand1968representation,
  title={Representation theory and automorphic functions},
  author={Gelfand I. M., Graev M. I. and Pyatetskii-Shapiro I. I.Iosifovich},
  volume={6},
  year={1968},
  publisher={Saunders}
}

@book{langlands1970automorphic,
  title={Automorphic forms on GL (2)},
  author={Langlands, Robert P and Herve'Jacquet},
  year={1970},
  publisher={Springer-Verlag}
}


@book{godement2006zeta,
  title={Zeta functions of simple algebras},
  author={Godement, Roger and Jacquet, Herv{\'e}},
  volume={260},
  year={2006},
  publisher={Springer}
}

@incollection{iwasawa1992letter,
  title={Letter to J. Dieudonne},
  author={Iwasawa, Kenkichi},
  booktitle={Zeta functions in geometry},
  volume={21},
  pages={445--451},
  year={1992},
  publisher={Mathematical Society of Japan}
}

@book{goldfeld2011automorphic,
  title={Automorphic Representations and L-Functions for the General Linear Group: Volume 1},
  author={Goldfeld, Dorian and Hundley, Joseph},
  volume={129},
  year={2011},
  publisher={Cambridge University Press}
}

@article{repka1978stone,
  title={A Stone-Weierstrass theorem for group representations},
  author={Repka, Joe},
  journal={International Journal of Mathematics and Mathematical Sciences},
  volume={1},
  number={2},
  pages={235--244},
  year={1978},
  publisher={Hindawi}
}

@article{arthur1991local,
  title={A local trace formula},
  author={Arthur, James},
  journal={Publications Math{\'e}matiques de l'IH{\'E}S},
  volume={73},
  pages={5--96},
  year={1991}
}

@incollection{gelbart2016automorphic,
  title={Automorphic Forms on Adele Groups.(AM-83), Volume 83},
  author={Gelbart, Stephen S},
  booktitle={Automorphic Forms on Adele Groups.(AM-83), Volume 83},
  year={2016},
  publisher={Princeton University Press}
}

@article{zhang2019bernstein,
  title={BERNSTEIN CENTER AND SCHOLZE’S BASE CHANGE},
  author={ZHANG, ROBIN},
  year={2019}
}

@article{kudla1996notes,
  title={Notes on the local theta correspondence},
  author={Kudla, Stephen},
  journal={unpublished notes, available online},
  year={1996}
}

@article{finis2021remainder,
  title={On the remainder term of the Weyl law for congruence subgroups of Chevalley groups},
  author={Finis, Tobias and Lapid, Erez},
  journal={Duke mathematical journal},
  volume={170},
  number={4},
  pages={653--695},
  year={2021},
  publisher={Duke University Press}
}